@article{bertschinger2004real,
  title={Real-time computation at the edge of chaos in recurrent neural networks},
  author={Bertschinger, Nils and Natschl{\"a}ger, Thomas},
  journal={Neural computation},
  volume={16},
  number={7},
  pages={1413--1436},
  year={2004},
  publisher={MIT Press}
}

@article{bugliarello2023measuring,
  title={Measuring progress in fine-grained vision-and-language understanding},
  author={Bugliarello, Emanuele and Sartran, Laurent and Agrawal, Aishwarya and Hendricks, Lisa Anne and Nematzadeh, Aida},
  journal={arXiv preprint arXiv:2305.07558},
  year={2023}
}

@book{gazzaniga2002cognitive,
  title={Cognitive Neuroscience, New York: W. W},
  author={Gazzaniga, Michael S and Ivry, RB and Mangun, GR},
  year={2002},
  publisher={Norton \& Company}
}

@inproceedings{fernando2003pattern,
  title={Pattern recognition in a bucket},
  author={Fernando, Chrisantha and Sojakka, Sampsa},
  booktitle={European Conference on Artificial Life},
  pages={588--597},
  year={2003},
  organization={Springer}
}

@book{kandel2000principles,
  title={Principles of neural science},
  author={Kandel, Eric R and Schwartz, James H and Jessell, Thomas M and Siegelbaum, Steven A and Hudspeth, AJ},
  volume={4},
  year={2000},
  publisher={McGraw-hill New York}
}

@book{braitenberg1986vehicles ,
    title={Vehicles: Experiments in synthetic psychology},
    author={Braitenberg, Valentino},
    year={1986},
    publisher={MIT press}
}

@article{Tolman1948,
    title = {Cognitive maps in rats and men.},
    volume = {55},
    number = {4},
    journal = {Psychological review},
    author = {E. Tolman},
    year = {1948},
    pages = {189},
}

@book{burrows1996neurobiology,
  title={The neurobiology of an insect brain},
  author={Burrows, Malcolm},
  year={1996},
  publisher={Oxford University Press Oxford}
}

@inproceedings{heikkonen1999building,
  title={Building industrial applications with neural networks},
  author={Heikkonen, Jukka and Lampinen, Jouko},
  booktitle={Proceedings of the European symposium on intelligent techniques},
  pages={3--4},
  year={1999}
}

@article{mcclelland1986appeal,
  title={The appeal of parallel distributed processing},
  author={McClelland, James L and Rumelhart, David E and Hinton, Geoffrey E},
  journal={MIT Press, Cambridge MA},
  pages={3--44},
  year={1986}
}

@article{sejnowski1987parallel,
  title={Parallel networks that learn to pronounce English text},
  author={Sejnowski, Terrence J and Rosenberg, Charles R},
  journal={Complex systems},
  volume={1},
  number={1},
  pages={145--168},
  year={1987}
}

@article{goodman2016pragmatic,
  title={Pragmatic language interpretation as probabilistic inference},
  author={Goodman, Noah D and Frank, Michael C},
  journal={Trends in cognitive sciences},
  volume={20},
  number={11},
  pages={818--829},
  year={2016},
  publisher={Elsevier}
}

@incollection{grice1975logic,
  title={Logic and conversation},
  author={Grice, Herbert P},
  booktitle={Speech acts},
  pages={41--58},
  year={1975},
  publisher={Brill}
}

@article{grice1957meaning,
  title={Meaning},
  author={Grice, H Paul},
  journal={The philosophical review},
  volume={66},
  number={3},
  pages={377--388},
  year={1957},
  publisher={JSTOR}
}



@article{page1996use,
  title={Use of neural networks in brain SPECT to diagnose Alzheimer's disease},
  author={Page, Michael PA and Howard, Robert J and T O'Brien, John and Buxton-Thomas, Muriel S and Pickering, Alan D},
  journal={The Journal of Nuclear Medicine},
  volume={37},
  number={2},
  pages={195},
  year={1996},
  publisher={Society of Nuclear Medicine}
}

@article{sarle1994neural,
  title={Neural networks and statistical models},
  author={Sarle, Warren S},
  year={1994},
  publisher={Citeseer}
}

@book{bishop1995neural,
  title={Neural networks for pattern recognition},
  author={Bishop, Christopher M},
  year={1995},
  publisher={Oxford university press}
}

@article{bullmore2009complex,
  title={Complex brain networks: graph theoretical analysis of structural and functional systems},
  author={Bullmore, Ed and Sporns, Olaf},
  journal={Nature Reviews Neuroscience},
  volume={10},
  number={3},
  pages={186--198},
  year={2009},
  publisher={Nature Publishing Group}
}

@inproceedings{mcclelland1981retrieving,
  title={Retrieving general and specific information from stored knowledge of specifics},
  author={McClelland, James L},
  booktitle={Proceedings of the third annual meeting of the cognitive science society},
  year={1981},
  organization={Citeseer}
}

@article{seidenberg1989distributed,
  title={A distributed, developmental model of word recognition and naming.},
  author={Seidenberg, Mark S and McClelland, James L},
  journal={Psychological review},
  volume={96},
  number={4},
  pages={523},
  year={1989},
  publisher={American Psychological Association}
}

@book{bain1873mind,
  title={Mind and Body the Theories of Their Relation by Alexander Bain},
  author={Bain, Alexander},
  year={1873},
  publisher={Henry S. King \& Company}
}

@book{freud1954project,
  title={Project for a scientific psychology.},
  author={Freud, Sigmund and Bonaparte, Marie Ed and Freud, Anna Ed and Kris, Ernst Ed and Mosbacher, Eric Trans and Strachey, James Trans},
  year={1954},
  publisher={Basic Books}
}

@book{levine2000introduction,
  title={Introduction to neural and cognitive modeling},
  author={Levine, Daniel S},
  year={2000},
  publisher={Psychology Press}
}

@book{boring1929history,
  title={History of experimental psychology},
  author={Boring, Edwin Garrigues},
  year={1929},
  publisher={Genesis Publishing Pvt Ltd}
}

@article{von1981principles,
  title={The principles of large-scale computing machines},
  author={Von Neumann, John},
  journal={Annals of the History of Computing},
  volume={3},
  number={3},
  pages={263--273},
  year={1981},
  publisher={IEEE}
}

@book{wiener1948cybernetics,
  title={Cybernetics: Control and communication in the animal and the machine},
  author={Wiener, Norbert},
  year={1948},
  publisher={Wiley New York}
}

@book{anderson2000talking,
  title={Talking nets: An oral history of neural networks},
  author={Anderson, James A and Rosenfeld, Edward},
  year={2000},
  publisher={MiT Press}
}

@article{mcculloch1943logical,
  title={A logical calculus of the ideas immanent in nervous activity},
  author={McCulloch, Warren S and Pitts, Walter},
  journal={The bulletin of mathematical biophysics},
  volume={5},
  number={4},
  pages={115--133},
  year={1943},
  publisher={Springer}
}

@book{hebb2005organization,
  title={The organization of behavior: A neuropsychological theory},
  author={Hebb, Donald Olding},
  year={2005},
  publisher={Psychology Press}
}

@article{medler1998brief,
  title={A brief history of connectionism},
  author={Medler, David A},
  journal={Neural computing surveys},
  volume={1},
  pages={18--72},
  year={1998},
  publisher={LAWRENCE ERLBAUM ASSOCIATES}
}

@article{rosenblatt1960perceptron,
  title={Perceptron simulation experiments},
  author={Rosenblatt, Frank},
  journal={Proceedings of the IRE},
  volume={48},
  number={3},
  pages={301--309},
  year={1960},
  publisher={IEEE}
}

@article{widrow1960adaptive,
  title={30 years of adaptive neural networks: perceptron, madaline, and backpropagation},
  author={Widrow, Bernard and Lehr, Michael A},
  journal={Proceedings of the IEEE},
  volume={78},
  number={9},
  pages={1415--1442},
  year={1990},
  publisher={IEEE}
}

@inproceedings{selfridge1958pandemonium,
    address = {London},
    author = {Selfridge, O. G.},
    booktitle = {Proceedings of a Symposium Held at the National Physical Laboratory},
    keywords = {lsb},
    month = nov,
    pages = {513--526},
    title = {{Pandemonium: a paradigm for learning in Mechanisation of Thought Processes}},
    year = {1958}
}

@misc{rumelhart1986parallel,
  title={Parallel Distributed Processing, Vol. 1},
  author={Rumelhart, David E and McClelland, James L and PDP Research Group and others},
  year={1986},
  publisher={MIT Press, Cambridge, MA}
}

@article{boggan2011chess,
  title={Chess expertise and the fusiform face area: Why it matters},
  author={Boggan, Amy L and Huang, Chih-Mao},
  journal={Journal of Neuroscience},
  volume={31},
  number={47},
  pages={16895--16896},
  year={2011},
  publisher={Soc Neuroscience}
}

@article{o2016leabra,
  title={The Leabra Cognitive Architecture: How to Play 20 Principles with Nature},
  author={O’Reilly, Randall C and Hazy, Thomas E and Herd, Seth A},
  journal={The Oxford Handbook of Cognitive Science},
  pages={91},
  year={2016},
  publisher={Oxford University Press}
}

@BOOK{cecn_4e,
  author={Randall C. O'Reilly and Yuko Munakata and Michael J. Frank and Thomas E. Hazy and Contributors},
  title={Computational Cognitive Neuroscience},
  year={2012},
  publisher={Online Book, 4th Edition, URL: \url{https://CompCogNeuro.org}},
  url={https://github.com/CompCogNeuro/ed4},
}

@article{maass2002computing,
  title={Computing with spikes},
  author={Maass, Wolfgang},
  journal={Special Issue on Foundations of Information Processing of TELEMATIK},
  volume={8},
  number={1},
  pages={32--36},
  year={2002}
}

@article{lazar2009sorn,
  title={SORN: a self-organizing recurrent neural network},
  author={Lazar, Andreea and Pipa, Gordon and Triesch, Jochen},
  journal={Frontiers in computational neuroscience},
  volume={3},
  pages={23},
  year={2009},
  publisher={Frontiers}
}

@article{miner2016plasticity,
  title={Plasticity-driven self-organization under topological constraints accounts for non-random features of cortical synaptic wiring},
  author={Miner, Daniel and Triesch, Jochen},
  journal={PLoS Comput Biol},
  volume={12},
  number={2},
  pages={e1004759},
  year={2016},
  publisher={Public Library of Science}
}

@article{bi1998synaptic,
  title={Synaptic modifications in cultured hippocampal neurons: dependence on spike timing, synaptic strength, and postsynaptic cell type},
  author={Bi, Guo-qiang and Poo, Mu-ming},
  journal={Journal of neuroscience},
  volume={18},
  number={24},
  pages={10464--10472},
  year={1998},
  publisher={Soc Neuroscience}
}

@InCollection{sep-determinism-causal,
	author       =	{Hoefer, Carl},
	title        =	{Causal Determinism},
	booktitle    =	{The Stanford Encyclopedia of Philosophy},
	editor       =	{Edward N. Zalta},
	howpublished =	{\url{https://plato.stanford.edu/archives/spr2016/entries/determinism-causal/}},
	year         =	{2016},
	edition      =	{Spring 2016},
	publisher    =	{Metaphysics Research Lab, Stanford University}
}

@article{ruppin1995neural,
  title={A neural model of memory impairment in diffuse cerebral atrophy.},
  author={Ruppin, Eytan and Reggia, James A},
  journal={The British Journal of Psychiatry},
  volume={166},
  number={1},
  pages={19--28},
  year={1995},
  publisher={RCP}
}

@book{anderson2014human,
  title={Human associative memory},
  author={Anderson, John R and Bower, Gordon H},
  year={2014},
  publisher={Psychology press}
}

@article{funahashi1993approximation,
  title={Approximation of dynamical systems by continuous time recurrent neural networks},
  author={Funahashi, Ken-ichi and Nakamura, Yuichi},
  journal={Neural networks},
  volume={6},
  number={6},
  pages={801--806},
  year={1993},
  publisher={Elsevier}
}

@article{silver2016mastering,
  title={Mastering the game of Go with deep neural networks and tree search},
  author={Silver, David and Huang, Aja and Maddison, Chris J and Guez, Arthur and Sifre, Laurent and Van Den Driessche, George and Schrittwieser, Julian and Antonoglou, Ioannis and Panneershelvam, Veda and Lanctot, Marc and others},
  journal={Nature},
  volume={529},
  number={7587},
  pages={484--489},
  year={2016},
  publisher={Nature Publishing Group}
}

@article{mnih2013playing,
  title={Playing atari with deep reinforcement learning},
  author={Mnih, Volodymyr and Kavukcuoglu, Koray and Silver, David and Graves, Alex and Antonoglou, Ioannis and Wierstra, Daan and Riedmiller, Martin},
  journal={arXiv preprint arXiv:1312.5602},
  year={2013}
}

@book{sutton1998reinforcement,
  title={Reinforcement learning: An introduction},
  author={Sutton, Richard S and Barto, Andrew G},
  volume={1},
  number={1},
  year={1998},
  publisher={MIT press Cambridge}
}

@book{fausett1994fundamentals,
  title={Fundamentals of neural networks},
  author={Fausett, Laurene V},
  year={1994},
  publisher={Prentice-Hall}
}

@book{finger2001origins,
  title={Origins of neuroscience: a history of explorations into brain function},
  author={Finger, Stanley},
  year={2001},
  publisher={Oxford University Press, USA}
}

@inproceedings{grusser1990seat,
  title={‘On the ‘Seat of the Soul’, Cerebral Localization Theories in Medieval Times and Later},
  author={Gr\"{u}sser, Otto-Joachim},
  booktitle={Brain--perception, cognition: proceedings of the 18th G{\"o}ttingen Neurobiology Conference},
  crossref={elsner1990brain}
}

@proceedings{elsner1990brain,
  title={Brain--perception, cognition: proceedings of the 18th G{\"o}ttingen Neurobiology Conference},
  author={Elsner, Norbert},
  year={1990},
  publisher={Georg Thieme Verlag}
}

@book{hartley1834observations,
  title={Observations on man, his frame, his duty, and his expectations},
  author={Hartley, David},
  year={1834},
  publisher={T. Tegg and son}
}

@book{haykin1998neural,
  title={Neural Networks: A Comprehensive Foundation},
  author={Haykin, Simon},
  year={1998},
  publisher={Prentice Hall},
  edition={2}
}

@book{minsky1969perceptrons,
  title={Perceptrons.},
  author={Minsky, Marvin and Papert, Seymour},
  year={1969},
  publisher={MIT press}
}

@book{proust2006remembrance,
  title={Remembrance of things past},
  author={Proust, Marcel},
  volume={2},
  year={2006},
  publisher={Wordsworth Editions}
}

@article{hopfield1982neural,
  title={Neural networks and physical systems with emergent collective computational abilities},
  author={Hopfield, John J},
  journal={Proceedings of the national academy of sciences},
  volume={79},
  number={8},
  pages={2554--2558},
  year={1982},
  publisher={National Acad Sciences}
}

@article{kohonen1990self,
  title={The self-organizing map},
  author={Kohonen, Teuvo},
  journal={Proceedings of the IEEE},
  volume={78},
  number={9},
  pages={1464--1480},
  year={1990},
  publisher={IEEE}
}

@article{anderson2014categorization,
  title={Categorization and selective neurons},
  author={Anderson, James A and Mozer, Michael C},
  journal={Parallel models of associative memory},
  pages={251--276},
  year={2014}
}

@article{hornik1989multilayer,
  title={Multilayer feedforward networks are universal approximators},
  author={Hornik, Kurt and Stinchcombe, Maxwell and White, Halbert},
  journal={Neural networks},
  volume={2},
  number={5},
  pages={359--366},
  year={1989},
  publisher={Elsevier}
}

@article{bryson1969applied,
  title={Applied Optimal Control},
  author={Bryson, AE and Ho, YC},
  journal={Optimization, Estimation and Control},
  year={1969},
  publisher={Blaisdell Publishing Company}
}

@article{werbos1974beyond,
  title={Beyond regression: New tools for prediction and analysis in the behavioral sciences},
  author={Werbos, Paul},
  journal={Ph. D. dissertation, Harvard University},
  year={1974}
}

@incollection{le1986learning,
  title={Learning process in an asymmetric threshold network},
  author={Le Cun, Yann},
  booktitle={Disordered systems and biological organization},
  pages={233--240},
  year={1986},
  publisher={Springer}
}

@article{parker1985learning,
  title={Learning-logic (TR-47)},
  author={Parker, DB},
  journal={Center for Computational Research in Economics and Management Science. MIT-Press, Cambridge, Mass},
  volume={8},
  year={1985}
}

@article{williams1989learning,
  title={A learning algorithm for continually running fully recurrent neural networks},
  author={Williams, Ronald J and Zipser, David},
  journal={Neural computation},
  volume={1},
  number={2},
  pages={270--280},
  year={1989},
  publisher={MIT Press}
}

@inproceedings{hinton1986learning,
  title={Learning distributed representations of concepts},
  author={Hinton, Geoffrey E},
  booktitle={Proceedings of the eighth annual conference of the cognitive science society},
  volume={1},
  pages={12},
  year={1986},
  organization={Amherst, MA}
}

@article{elman1990finding,
  title={Finding structure in time},
  author={Elman, Jeffrey L},
  journal={Cognitive science},
  volume={14},
  number={2},
  pages={179--211},
  year={1990},
  publisher={Wiley Online Library}
}

@article{mordvintsev2015inceptionism,
  title={Inceptionism: Going deeper into neural networks},
  author={Mordvintsev, Alexander and Olah, Christopher and Tyka, Mike},
  journal={Google Research Blog. Retrieved June},
  volume={20},
  pages={14},
  year={2015}
}

@article{dailey2002empath,
  title={EMPATH: A neural network that categorizes facial expressions},
  author={Dailey, Matthew N and Cottrell, Garrison W and Padgett, Curtis and Adolphs, Ralph},
  journal={Journal of cognitive neuroscience},
  volume={14},
  number={8},
  pages={1158--1173},
  year={2002},
  publisher={MIT Press}
}

@article{karpathy2015visualizing,
  title={Visualizing and understanding recurrent networks},
  author={Karpathy, Andrej and Johnson, Justin and Fei-Fei, Li},
  journal={arXiv preprint arXiv:1506.02078},
  year={2015}
}

@article{karpathy2015unreasonable,
  title={The unreasonable effectiveness of recurrent neural networks},
  author={Karpathy, Andrej},
  journal={Andrej Karpathy blog},
  year={2015}
}

@article{olah2015understanding,
  title={Understanding lstm networks},
  author={Olah, Christopher},
  journal={GITHUB blog, posted on August},
  volume={27},
  pages={2015},
  year={2015}
}

@article{newitz2016movie,
  title={Movie written by algorithm turns out to be hilarious and intense},
  author={Newitz, Annalee},
  journal={Ars Technica},
  year={2016}
}

@book{sutton1998philosophy,
  title={Philosophy and memory traces: Descartes to connectionism},
  author={Sutton, John},
  year={1998},
  publisher={Cambridge University Press}
}

@article{hodgkin1952quantitative,
  title={A quantitative description of membrane current and its application to conduction and excitation in nerve},
  author={Hodgkin, Alan L and Huxley, Andrew F},
  journal={The Journal of physiology},
  volume={117},
  number={4},
  pages={500},
  year={1952},
  publisher={Wiley-Blackwell}
}

@article{ILSVRC15,
Author = {Olga Russakovsky and Jia Deng and Hao Su and Jonathan Krause and Sanjeev Satheesh and Sean Ma and Zhiheng Huang and Andrej Karpathy and Aditya Khosla and Michael Bernstein and Alexander C. Berg and Li Fei-Fei},
Title = {{ImageNet Large Scale Visual Recognition Challenge}},
Year = {2015},
journal   = {International Journal of Computer Vision (IJCV)},
doi = {10.1007/s11263-015-0816-y},
volume={115},
number={3},
pages={211-252}
}

@article{cabral2011role,
  title={Role of local network oscillations in resting-state functional connectivity},
  author={Cabral, Joana and Hugues, Etienne and Sporns, Olaf and Deco, Gustavo},
  journal={Neuroimage},
  volume={57},
  number={1},
  pages={130--139},
  year={2011},
  publisher={Elsevier}
}

@article{hagmann2008mapping,
  title={Mapping the structural core of human cerebral cortex},
  author={Hagmann, Patric and Cammoun, Leila and Gigandet, Xavier and Meuli, Reto and Honey, Christopher J and Wedeen, Van J and Sporns, Olaf},
  journal={PLoS Biol},
  volume={6},
  number={7},
  pages={e159},
  year={2008},
  publisher={Public Library of Science}
}

@book{mcclelland1989explorations,
  title={Explorations in parallel distributed processing: A handbook of models, programs, and exercises},
  author={McClelland, James L and Rumelhart, David E},
  year={1989},
  publisher={MIT press}
}

@article{mcculloch1960reliability,
  title={The reliability of biological systems},
  author={McCulloch, Warren S},
  journal={reprinted in: Collected Works of Warren S. McCulloch (1989), Intersystems Publications, Salinas},
  volume={4},
  pages={1193--1210},
  year={1960}
}

@book{groome2013introduction,
  title={An introduction to cognitive psychology: Processes and disorders},
  author={Groome, David},
  year={2013},
  publisher={Psychology Press}
}

@book{hertz1991introduction,
  title={Introduction to the theory of neural computation},
  author={Hertz, John A and Krogh, Anders S and Palmer, Richard G},
  volume={1},
  year={1991},
  publisher={Basic Books}
}

@book{hartley1749observations,
  title={Observations on Man: His Frame, His Duty and His Expectations...},
  author={Hartley, David},
  year={1749},
  publisher={Leake \& Frederick}
}

@book{baars1986cognitive,
  title={The cognitive revolution in psychology},
  author={Baars, Bernard J},
  year={1986},
  publisher={The Guilford Press}
}

@misc{widrow1963adaline,
  title={Adaline: Smarter than sweet},
  author={Widrow, Bernard},
  year={1963},
  publisher={Stanford Today}
}

@article{rosenblatt1962comparison,
  title={A comparison of several perceptron models},
  author={Rosenblatt, Frank},
  journal={Self-Organizing Systems},
  pages={463--484},
  year={1962},
  publisher={Spartan Books}
}

@article{eliasmith2012large,
  title={A large-scale model of the functioning brain},
  author={Eliasmith, Chris and Stewart, Terrence C and Choo, Xuan and Bekolay, Trevor and DeWolf, Travis and Tang, Yichuan and Rasmussen, Daniel},
  journal={science},
  volume={338},
  number={6111},
  pages={1202--1205},
  year={2012},
  publisher={American Association for the Advancement of Science}
}

@book{meltzer2014edwin,
  title={The Edwin Smith Papyrus: updated translation of the trauma treatise and modern medical commentaries},
  author={Meltzer, Edmund S and Sanchez, Gonzalo M},
  year={2014},
  publisher={ISD LLC}
}

@article{mohamed2008arab,
  title={Arab and Muslim contributions to modern neuroscience},
  author={Mohamed, Wael MY},
  journal={IBRO History of Neuroscience},
  volume={169},
  number={3},
  pages={255},
  year={2008}
}

@book{selin2013encyclopaedia,
  title={Encyclopaedia of the history of science, technology, and medicine in non-westen cultures},
  author={Selin, Helaine},
  year={2013},
  publisher={Springer Science \& Business Media}
}

@article{piccinini2004first,
  title={The First computational theory of mind and brain: a close look at mcculloch and pitts's “logical calculus of ideas immanent in nervous activity”},
  author={Piccinini, Gualtiero},
  journal={Synthese},
  volume={141},
  number={2},
  pages={175--215},
  year={2004},
  publisher={Springer}
}

@book{dreyfus1992computers,
  title={What computers still can't do: a critique of artificial reason},
  author={Dreyfus, Hubert L},
  year={1992},
  publisher={MIT press}
}

@book{janert2010data,
  title={Data Analysis with Open Source Tools: A Hands-on Guide for Programmers and Data Scientists},
  author={Janert, Philipp K},
  year={2010},
  publisher={" O'Reilly Media, Inc."}
}

@article{fodor1988connectionism,
  title={Connectionism and cognitive architecture: A critical analysis},
  author={Fodor, Jerry A and Pylyshyn, Zenon W},
  journal={Cognition},
  volume={28},
  number={1},
  pages={3--71},
  year={1988},
  publisher={Elsevier}
}

@article{berwick2011poverty,
  title={Poverty of the stimulus revisited},
  author={Berwick, Robert C and Pietroski, Paul and Yankama, Beracah and Chomsky, Noam},
  journal={Cognitive science},
  volume={35},
  number={7},
  pages={1207--1242},
  year={2011},
  publisher={Wiley Online Library}
}

@article{rao1999predictive,
  title={Predictive coding in the visual cortex: a functional interpretation of some extra-classical receptive-field effects},
  author={Rao, Rajesh PN and Ballard, Dana H},
  journal={Nature neuroscience},
  volume={2},
  number={1},
  pages={79--87},
  year={1999},
  publisher={Nature Publishing Group}
}

@book{ccn_2000,
  title={Computational explorations in cognitive neuroscience: Understanding the mind by simulating the brain},
  author={O'reilly, Randall C and Munakata, Yuko},
  year={2000},
  publisher={MIT press}
}

@article{clark2013whatever,
  title={Whatever next? Predictive brains, situated agents, and the future of cognitive science},
  author={Clark, Andy},
  journal={Behavioral and brain sciences},
  volume={36},
  number={3},
  pages={181--204},
  year={2013},
  publisher={Cambridge University Press}
}

@article{kriete2013indirection,
  title={Indirection and symbol-like processing in the prefrontal cortex and basal ganglia},
  author={Kriete, Trenton and Noelle, David C and Cohen, Jonathan D and O’Reilly, Randall C},
  journal={Proceedings of the National Academy of Sciences},
  volume={110},
  number={41},
  pages={16390--16395},
  year={2013},
  publisher={National Acad Sciences}
}

@article{kriegeskorte2015deep,
  title={Deep neural networks: a new framework for modeling biological vision and brain information processing},
  author={Kriegeskorte, Nikolaus},
  journal={Annual review of vision science},
  volume={1},
  pages={417--446},
  year={2015},
  publisher={Annual Reviews}
}

@article{krizhevsky2012imagenet,
  title={Imagenet classification with deep convolutional neural networks},
  author={Krizhevsky, Alex and Sutskever, Ilya and Hinton, Geoffrey E},
  journal={Advances in neural information processing systems},
  volume={25},
  pages={1097--1105},
  year={2012}
}

@article{gucclu2015deep,
  title={Deep neural networks reveal a gradient in the complexity of neural representations across the ventral stream},
  author={G{\"u}{\c{c}}l{\"u}, Umut and van Gerven, Marcel AJ},
  journal={Journal of Neuroscience},
  volume={35},
  number={27},
  pages={10005--10014},
  year={2015},
  publisher={Soc Neuroscience}
}

@article{schultz1997neural,
  title={A neural substrate of prediction and reward},
  author={Schultz, Wolfram and Dayan, Peter and Montague, P Read},
  journal={Science},
  volume={275},
  number={5306},
  pages={1593--1599},
  year={1997},
  publisher={American Association for the Advancement of Science}
}

@article{niv2009reinforcement,
  title={Reinforcement learning in the brain},
  author={Niv, Yael},
  journal={Journal of Mathematical Psychology},
  volume={53},
  number={3},
  pages={139--154},
  year={2009},
  publisher={Elsevier}
}

@incollection{marr1991theory,
  title={A theory of cerebellar cortex},
  author={Marr, David and Thach, W Thomas},
  booktitle={From the Retina to the Neocortex},
  pages={11--50},
  year={1991},
  publisher={Springer}
}

@article{kurenkov2020briefhistory,
  author = {Kurenkov, Andrey},
  title = {A Brief History of Neural Nets and Deep Learning},
  journal = {Skynet Today},
  year = {2020},
  howpublished = {\url{https://skynettoday.com/overviews/neural-net-history } },
}

@book{rogers2004semantic,
  title={Semantic cognition: A parallel distributed processing approach},
  author={Rogers, Timothy T and McClelland, James L and others},
  year={2004},
  publisher={MIT press}
}

@article{werbos1990bptt,
  title={Backpropagation through time: what it does and how to do it},
  author={Werbos, Paul J},
  journal={Proceedings of the IEEE},
  volume={78},
  number={10},
  pages={1550--1560},
  year={1990},
  publisher={IEEE}
}

@article{mcclelland2020placing,
  title={Placing language in an integrated understanding system: Next steps toward human-level performance in neural language models},
  author={McClelland, James L and Hill, Felix and Rudolph, Maja and Baldridge, Jason and Sch{\"u}tze, Hinrich},
  journal={Proceedings of the National Academy of Sciences},
  volume={117},
  number={42},
  pages={25966--25974},
  year={2020},
  publisher={National Acad Sciences}
}

@inproceedings{vaswani2017attention,
  title={Attention is all you need},
  author={Vaswani, Ashish and Shazeer, Noam and Parmar, Niki and Uszkoreit, Jakob and Jones, Llion and Gomez, Aidan N and Kaiser, {\L}ukasz and Polosukhin, Illia},
  booktitle={Advances in neural information processing systems},
  pages={5998--6008},
  year={2017}
}

@article{brown2020language,
  title={Language models are few-shot learners},
  author={Brown, Tom B and Mann, Benjamin and Ryder, Nick and Subbiah, Melanie and Kaplan, Jared and Dhariwal, Prafulla and Neelakantan, Arvind and Shyam, Pranav and Sastry, Girish and Askell, Amanda and others},
  journal={arXiv preprint arXiv:2005.14165},
  year={2020}
}

@article{floridi2020gpt,
  title={GPT-3: Its nature, scope, limits, and consequences},
  author={Floridi, Luciano and Chiriatti, Massimo},
  journal={Minds and Machines},
  volume={30},
  number={4},
  pages={681--694},
  year={2020},
  publisher={Springer}
}

@article{bowers2022deep,
  title={Deep Problems with Neural Network Models of Human Vision},
  author={Bowers, Jeffrey S and Malhotra, Gaurav and Dujmovi{\'c}, Marin and Montero, Milton Llera and Tsvetkov, Christian and Biscione, Valerio and Puebla, Guillermo and Adolfi, Federico G and Hummel, John and Heaton, Rachel Flood and others},
  year={2022},
  journal={Preprint},
  publisher={PsyArXiv}
}

@article{wang2021latent,
  title={Latent learning, cognitive maps, and curiosity},
  author={Wang, Maya Zhe and Hayden, Benjamin Y},
  journal={Current Opinion in Behavioral Sciences},
  volume={38},
  pages={1--7},
  year={2021},
  publisher={Elsevier}
}

@article{fukushima1982neocognitron,
  title={Neocognitron: A new algorithm for pattern recognition tolerant of deformations and shifts in position},
  author={Fukushima, Kunihiko and Miyake, Sei},
  journal={Pattern recognition},
  volume={15},
  number={6},
  pages={455--469},
  year={1982},
  publisher={Elsevier}
}

@article{lecun1989backpropagation,
  title={Backpropagation applied to handwritten zip code recognition},
  author={LeCun, Yann and Boser, Bernhard and Denker, John S and Henderson, Donnie and Howard, Richard E and Hubbard, Wayne and Jackel, Lawrence D},
  journal={Neural computation},
  volume={1},
  number={4},
  pages={541--551},
  year={1989},
  publisher={MIT Press}
}

@article{ekman1976pictures,
  title={Pictures of facial affect},
  author={Ekman, Paul},
  journal={Consulting Psychologists Press},
  year={1976},
  publisher={Palo Alto}
}

@article{lecun2015deep,
  title={Deep learning},
  author={LeCun, Yann and Bengio, Yoshua and Hinton, Geoffrey},
  journal={nature},
  volume={521},
  number={7553},
  pages={436--444},
  year={2015},
  publisher={Nature Publishing Group}
}

@book{goodfellow2016deep,
  title={Deep learning},
  author={Goodfellow, Ian and Bengio, Yoshua and Courville, Aaron},
  year={2016},
  publisher={MIT press}
}

@article{zorzi2013modeling,
  title={Modeling language and cognition with deep unsupervised learning: a tutorial overview},
  author={Zorzi, Marco and Testolin, Alberto and Stoianov, Ivilin P},
  journal={Frontiers in psychology},
  volume={4},
  pages={515},
  year={2013},
  publisher={Frontiers Media SA}
}

@inproceedings{ritter2017cognitive,
  title={Cognitive psychology for deep neural networks: A shape bias case study},
  author={Ritter, Samuel and Barrett, David GT and Santoro, Adam and Botvinick, Matt M},
  booktitle={International conference on machine learning},
  pages={2940--2949},
  year={2017},
  organization={PMLR}
}

@article{schmidhuber1997long,
  title={Long short-term memory},
  author={Schmidhuber, J{\"u}rgen and Hochreiter, Sepp and others},
  journal={Neural Computation},
  volume={9},
  number={8},
  pages={1735--1780},
  year={1997}
}

@article{rogers2020primer,
  title={A primer in bertology: What we know about how bert works},
  author={Rogers, Anna and Kovaleva, Olga and Rumshisky, Anna},
  journal={Transactions of the Association for Computational Linguistics},
  volume={8},
  pages={842--866},
  year={2020},
  publisher={MIT Press}
}

@article{devlin2018bert,
  title={Bert: Pre-training of deep bidirectional transformers for language understanding},
  author={Devlin, Jacob and Chang, Ming-Wei and Lee, Kenton and Toutanova, Kristina},
  journal={arXiv preprint arXiv:1810.04805},
  year={2018}
}

@incollection{noelle2022artificial,
  title={Artificial intelligence and computational theories of mind},
  author={Noelle, David C and Yoshimi, Jeffrey},
  booktitle={Mind, Cognition, and Neuroscience},
  pages={127--148},
  year={2022},
  publisher={Routledge}
}

@article{harris1954distributional,
  title={Distributional structure},
  author={Harris, Zellig S},
  journal={Word},
  volume={10},
  number={2-3},
  pages={146--162},
  year={1954},
  publisher={Taylor \& Francis}
}

@article{wittgenstein1953philosophical,
  title={Philosophical Investigation.(tr. GEM Anscombe) Oxford},
  author={Wittgenstein, Ludwig},
  journal={UK: Blackwell},
  year={1953}
}

@article{firth1957synopsis,
  title={A synopsis of linguistic theory, 1930-1955},
  author={Firth, John},
  journal={Studies in linguistic analysis},
  pages={10--32},
  year={1957}
}

@article{piantadosi2014zipf,
  title={Zipf’s word frequency law in natural language: A critical review and future directions},
  author={Piantadosi, Steven T},
  journal={Psychonomic bulletin \& review},
  volume={21},
  pages={1112--1130},
  year={2014},
  publisher={Springer}
}

@article{zipf1945meaning,
  title={The meaning-frequency relationship of words},
  author={Zipf, George Kingsley},
  journal={The Journal of general psychology},
  volume={33},
  number={2},
  pages={251--256},
  year={1945},
  publisher={Taylor \& Francis}
}

@article{lenci2018distributional,
  title={Distributional models of word meaning},
  author={Lenci, Alessandro},
  journal={Annual review of Linguistics},
  volume={4},
  pages={151--171},
  year={2018},
  publisher={Annual Reviews}
}

@article{lewis2019distributional,
  title={Distributional semantics as a source of visual knowledge},
  author={Lewis, Molly and Zettersten, Martin and Lupyan, Gary},
  journal={Proceedings of the National Academy of Sciences},
  volume={116},
  number={39},
  pages={19237--19238},
  year={2019},
  publisher={National Acad Sciences}
}

@inproceedings{richie2022inter,
  title={Inter-annotator agreement is not the ceiling of machine learning performance: Evidence from a comprehensive set of simulations},
  author={Richie, Russell and Grover, Sachin and Tsui, Fuchiang Rich},
  booktitle={Proceedings of the 21st Workshop on Biomedical Language Processing},
  pages={275--284},
  year={2022}
}

@inproceedings{finkelstein2001placing,
  title={Placing search in context: The concept revisited},
  author={Finkelstein, Lev and Gabrilovich, Evgeniy and Matias, Yossi and Rivlin, Ehud and Solan, Zach and Wolfman, Gadi and Ruppin, Eytan},
  booktitle={Proceedings of the 10th international conference on World Wide Web},
  pages={406--414},
  year={2001}
}

@article{agirre2009study,
  title={A study on similarity and relatedness using distributional and wordnet-based approaches},
  author={Agirre, Eneko and Alfonseca, Enrique and Hall, Keith and Kravalova, Jana and Pasca, Marius and Soroa, Aitor},
  year={2009}
}

@article{hill2015simlex,
  title={Simlex-999: Evaluating semantic models with (genuine) similarity estimation},
  author={Hill, Felix and Reichart, Roi and Korhonen, Anna},
  journal={Computational Linguistics},
  volume={41},
  number={4},
  pages={665--695},
  year={2015},
  publisher={MIT Press One Rogers Street, Cambridge, MA 02142-1209, USA journals-info~…}
}

@inproceedings{pennington2014glove,
  title={Glove: Global vectors for word representation},
  author={Pennington, Jeffrey and Socher, Richard and Manning, Christopher D},
  booktitle={Proceedings of the 2014 conference on empirical methods in natural language processing (EMNLP)},
  pages={1532--1543},
  year={2014}
}

@article{mikolov2013distributed,
  title={Distributed representations of words and phrases and their compositionality},
  author={Mikolov, Tomas and Sutskever, Ilya and Chen, Kai and Corrado, Greg S and Dean, Jeff},
  journal={Advances in neural information processing systems},
  volume={26},
  year={2013}
}

@article{whittington2019theories,
  title={Theories of error back-propagation in the brain},
  author={Whittington, James CR and Bogacz, Rafal},
  journal={Trends in cognitive sciences},
  volume={23},
  number={3},
  pages={235--250},
  year={2019},
  publisher={Elsevier}
}

@article{zipser1992identification,
  title={Identification models of the nervous system},
  author={Zipser, David},
  journal={Neuroscience},
  volume={47},
  number={4},
  pages={853--862},
  year={1992},
  publisher={Elsevier}
}

@article{yamins2014performance,
  title={Performance-optimized hierarchical models predict neural responses in higher visual cortex},
  author={Yamins, Daniel LK and Hong, Ha and Cadieu, Charles F and Solomon, Ethan A and Seibert, Darren and DiCarlo, James J},
  journal={Proceedings of the national academy of sciences},
  volume={111},
  number={23},
  pages={8619--8624},
  year={2014},
  publisher={National Acad Sciences}
}

@article{yamins2016using,
  title={Using goal-driven deep learning models to understand sensory cortex},
  author={Yamins, Daniel LK and DiCarlo, James J},
  journal={Nature neuroscience},
  volume={19},
  number={3},
  pages={356--365},
  year={2016},
  publisher={Nature Publishing Group}
}

@article{schrimpf2021neural,
  title={The neural architecture of language: Integrative modeling converges on predictive processing},
  author={Schrimpf, Martin and Blank, Idan Asher and Tuckute, Greta and Kauf, Carina and Hosseini, Eghbal A and Kanwisher, Nancy and Tenenbaum, Joshua B and Fedorenko, Evelina},
  journal={Proceedings of the National Academy of Sciences},
  volume={118},
  number={45},
  pages={e2105646118},
  year={2021},
  publisher={National Acad Sciences}
}

@inproceedings{bender2021dangers,
  title={On the dangers of stochastic parrots: Can language models be too big?},
  author={Bender, Emily M and Gebru, Timnit and McMillan-Major, Angelina and Shmitchell, Shmargaret},
  booktitle={Proceedings of the 2021 ACM conference on fairness, accountability, and transparency},
  pages={610--623},
  year={2021}
}

@article{caucheteux2022brains,
title={Brains and algorithms partially converge in natural language processing},
author={Caucheteux, Charlotte and King, Jean-R{\'e}mi},
journal={Communications biology},
volume={5},
number={1},
pages={134},
year={2022},
publisher={Nature Publishing Group}
}

@inproceedings{abdou2021can,
title={Can Language Models Encode Perceptual Structure Without Grounding? A Case Study in Color},
author={Abdou, Mostafa and Kulmizev, Artur and Hershcovich, Daniel and Frank, Stella and Pavlick, Ellie and S{\o}gaard, Anders},
booktitle={Proceedings of the 25th Conference on Computational Natural Language Learning},
pages={109--132},
year={2021}
}

@inproceedings{lietard2021do,
title={Do Language Models Know the Way to Rome?},
author={Li{\'e}tard, Bertrand and Abdou, Mostafa and S{\o}gaard, Anders},
booktitle={Proceedings of the Fourth BlackboxNLP Workshop on Analyzing and Interpreting Neural Networks for NLP},
pages={510--517},
year={2021}
}

@inproceedings{patel2022mapping,
title={Mapping language models to grounded conceptual spaces},
author={Patel, Rishi and Pavlick, Ellie},
booktitle={International Conference on Learning Representations},
year={2022}
}

@article{srivastava2022beyond,
title={Beyond the imitation game: Quantifying and extrapolating the capabilities of language models},
author={Srivastava, Aarohi and Rastogi, Abhinav and Rao, Abhishek and Shoeb, Abu Awal Md and Abid, Abubakar and Fisch, Adam and Brown, Adam R and Santoro, Adam and Gupta, Aditya and Garriga-Alonso, Adri{\`a} and others},
journal={arXiv preprint arXiv:2206.04615},
year={2022}
}

@inproceedings{bender2020climbing,
title={Climbing towards NLU: On meaning, form, and understanding in the age of data},
author={Bender, Emily M and Koller, Alexander},
booktitle={Proceedings of the 58th annual meeting of the association for computational linguistics},
pages={5185--5198},
year={2020}
}

@article{sogaard2023grounding,
title={Grounding the vector space of an octopus: Word meaning from raw text},
author={S{\o}gaard, Anders},
journal={Minds and Machines},
volume={33},
number={1},
pages={33--54},
year={2023},
publisher={Springer}
}

@inproceedings{christiansen2023large,
  title={Large language models partially converge toward human-like concept organization},
  author={Christiansen, Jonathan Gabel and Gammelgaard, Mathias and S{\o}gaard, Anders},
  booktitle={NeurIPS 2023 Workshop on Symmetry and Geometry in Neural Representations}
}


@article{mitchell2021ai,
  title={Why AI is harder than we think},
  author={Mitchell, Melanie},
  journal={arXiv preprint arXiv:2104.12871},
  year={2021}
}

@article{rumelhart1986learning,
  title={On learning the past tenses of English verbs},
  author={Rumelhart, David E and McClelland, James L},
  journal={Psycholinguistics: Critical Concepts in Psychology},
  volume={4},
  pages={216--271},
  year={1986}
}

@article{pinker2002past,
  title={The past and future of the past tense},
  author={Pinker, Steven and Ullman, Michael T},
  journal={Trends in cognitive sciences},
  volume={6},
  number={11},
  pages={456--463},
  year={2002},
  publisher={Elsevier}
}

@article{smolensky1988proper,
  title={On the proper treatment of connectionism},
  author={Smolensky, Paul},
  journal={Behavioral and brain sciences},
  volume={11},
  number={1},
  pages={1--23},
  year={1988},
  publisher={Cambridge University Press}
}

@book{elman1996rethinking,
  title={Rethinking innateness: A connectionist perspective on development},
  author={Elman, Jeffrey L},
  volume={10},
  year={1996},
  publisher={MIT press}
}

@article{erk2012vector,
  title={Vector space models of word meaning and phrase meaning: A survey},
  author={Erk, Katrin},
  journal={Language and Linguistics Compass},
  volume={6},
  number={10},
  pages={635--653},
  year={2012},
  publisher={Wiley Online Library}
}

@article{goodglass1976language,
  title={Language disorders (aphasia)},
  author={Goodglass, Harold and Geschwind, Norman},
  journal={Handbook of perception},
  volume={7},
  pages={389--428},
  year={1976},
  publisher={Academic Press New York}
}

@article{hotton2011extending,
  title={Extending dynamical systems theory to model embodied cognition},
  author={Hotton, Scott and Yoshimi, Jeff},
  journal={Cognitive Science},
  volume={35},
  number={3},
  pages={444--479},
  year={2011},
  publisher={Wiley Online Library}
}

@article{clark2019does,
  title={What Does Bert Look At? An Analysis of Bert’s Attention},
  author={Clark, Kevin},
  journal={arXiv preprint arXiv:1906.04341},
  year={2019}
}

@article{amari1972learning,
  title={Learning patterns and pattern sequences by self-organizing nets of threshold elements},
  author={Amari, S-I},
  journal={IEEE Transactions on computers},
  volume={100},
  number={11},
  pages={1197--1206},
  year={1972},
  publisher={IEEE}
}

@article{schmidhuber2020deep,
  title={Deep learning: our miraculous year 1990-1991},
  author={Schmidhuber, J{\"u}rgen},
  journal={arXiv preprint arXiv:2005.05744},
  year={2020}
}

@article{milliere2024philosophical,
  title={A philosophical introduction to language models-part ii: The way forward},
  author={Milli{\`e}re, Rapha{\"e}l and Buckner, Cameron},
  journal={arXiv preprint arXiv:2405.03207},
  year={2024}
}

@article{milliere2024interventionist,
  title={Interventionist methods for interpreting deep neural networks},
  author={Milli{\`e}re, Rapha{\"e}l and Buckner, Cameron},
  year={2024}
}

@inproceedings{jones2024does,
  title={Does GPT-4 pass the Turing test?},
  author={Jones, Cameron and Bergen, Ben},
  booktitle={Proceedings of the 2024 Conference of the North American Chapter of the Association for Computational Linguistics: Human Language Technologies (Volume 1: Long Papers)},
  pages={5183--5210},
  year={2024}
}

@inproceedings{bender2021dangers,
  title={On the dangers of stochastic parrots: Can language models be too big?🦜},
  author={Bender, Emily M. and Gebru, Timnit and McMillan-Major, Angelina and Shmitchell, Shmargaret},
  booktitle={Proceedings of the 2021 ACM Conference on Fairness, Accountability, and Transparency},
  pages={610--623},
  year={2021}
}

@article{chiang2023jpeg,
  title={ChatGPT Is a Blurry JPEG of the Web},
  author={Chiang, Ted},
  journal={The New Yorker},
  year={2023},
  note={\\url{https://www.newyorker.com/science/annals-of-artificial-intelligence/chatgpt-is-a-blurry-jpeg-of-the-web}}
}

@inproceedings{kello2024emergent,
  title={Emergent Mental Lexicon Functions in ChatGPT},
  author={Kello, Christopher and Bruna, Polyphony},
  year={2024},
 journal={Proceedings of the Annual Meeting of the Cognitive Science Society},
  volume={46}
}

@inproceedings{momennejad2023cogeval,
  title={Evaluating cognitive maps and planning in large language models with cogeval},
  author={Momennejad, Ida and Hasanbeig, Hosein and Vieira, Felipe and Sharma, Hiteshi and Ness, Robert O. and Jojic, Nebojsa and Palangi, Hamid and Larson, Jonathan},
  booktitle={Advances in Neural Information Processing Systems},
  volume={36},
  pages={69736--69751},
  year={2023}
}

@article{cai2023do,
  title={Do large language models resemble humans in language use?},
  author={Cai, Zhenguang G. and Duan, Xufeng and Haslett, David A. and Wang, Shuqi and Pickering, Martin J.},
  journal={arXiv preprint arXiv:2303.08014},
  year={2023}
}

@article{frank2012predicting,
  title={Predicting pragmatic reasoning in language games},
  author={Frank, Michael C. and Goodman, Noah D.},
  journal={Science},
  volume={336},
  number={6084},
  pages={998--998},
  year={2012},
  doi={10.1126/science.1218633}
}

@article{trott2024augment,
  title={Can large language models help augment English psycholinguistic datasets?},
  author={Trott, Sean},
  journal={Behavior Research Methods},
  volume={56},
  pages={6082--6100},
  year={2024},
  doi={10.3758/s13428-024-02337-z}
}

@article{kim2019knowledge,
  title={Knowledge of animal appearance among sighted and blind adults},
  author={Kim, Judy S. and Elli, Giulia V. and Bedny, Marina},
  journal={Proceedings of the National Academy of Sciences},
  volume={116},
  number={23},
  pages={11213--11222},
  year={2019}
}

@article{liu2025learning,
  title={Learning about color from language},
  author={Liu, Qiawen and van Paridon, Jeroen and Lupyan, Gary},
  journal={Communications Psychology},
  volume={3},
  pages={60},
  year={2025},
  doi={10.1038/s44271-025-00230-9}
}

@article{marmor1978age,
  title={Age at onset of blindness and the development of the semantics of color names},
  author={Marmor, Gloria S.},
  journal={Journal of Experimental Child Psychology},
  volume={25},
  number={2},
  pages={267--278},
  year={1978}
}

@article{saysani2018colour,
  title={Colour envisioned: Concepts of colour in the blind and sighted},
  author={Saysani, Armin and Corballis, Michael C. and Corballis, Paul M.},
  journal={Visual Cognition},
  volume={26},
  number={5},
  pages={382--392},
  year={2018}
}

@article{dillion2023can,
  title={Can AI language models replace human participants?},
  author={Dillion, Danica and Tandon, Niket and Gu, Yuling and Gray, Kurt},
  journal={Trends in Cognitive Sciences},
  volume={27},
  number={7},
  pages={597--600},
  year={2023}
}

@inproceedings{aher2023using,
  title={Using large language models to simulate multiple humans and replicate human subject studies},
  author={Aher, Gati and Arriaga, Rosa I. and Kalai, Adam T.},
  booktitle={International Conference on Machine Learning},
  pages={337--371},
  year={2023},
  organization={PMLR}
}

@article{goldberg2019assessing,
  title={Assessing BERT's syntactic abilities},
  author={Goldberg, Yoav},
  journal={arXiv preprint arXiv:1901.05287},
  year={2019}
}

@article{linzen2021syntactic,
  title={Syntactic structure from deep learning},
  author={Linzen, Tal and Baroni, Marco},
  journal={Annual Review of Linguistics},
  volume={7},
  number={1},
  pages={195--212},
  year={2021},
  publisher={Annual Reviews}
}

@article{tenney2019bert,
  title={BERT rediscovers the classical NLP pipeline},
  author={Tenney, Ian and Das, Dipanjan and Pavlick, Ellie},
  journal={arXiv preprint arXiv:1905.05950},
  year={2019}
}